
@Book{texbook01,
    author = {Alexander Geschonneck},
    title = {Computer-Forensik : Computerstraftaten erkennen, ermitteln, aufklären.}, 
    year = {2014},
    publisher = {dpunkt. Verlag GmbH},
    isbn = {978-3-86490-133-1}
}

@Book{texbook02,
    author = {Dirk Labudde, Michael Spranger},
    title = {Forensik in der digitalen Welt: Moderne Methoden der forensischen Fallarbeit in der digitalen und digitalisierten realen Welt}, 
    year = {2017},
    publisher = {Springer Spektrum},
    isbn = {978-3-662-53800-5}
}

@Book{texbook03,
    author = {Dennis Heinson},
    title = {IT-Forensik}, 
    year = {2015},
    publisher = {Mohr Siebeck},
    isbn = {978-3-16-153701-1}
}

@Book{texbook04,
    author = {Michael W. Graves},
    title = {Digital Archaeology: The Art and Science of Digital Forensics}, 
    year = {2013},
    publisher = {Addison-Wesley},
    isbn = {978-0-321-80390-0}
}

@misc{BSI_lagebericht,
    author    = "BSI",
    title     = "Die Lage der IT-Sicherheit in Deutschland 2021",
    url       = "https://www.bsi.bund.de/SharedDocs/Downloads/DE/BSI/Publikationen/Lageberichte/Lagebericht2021.pdf",
    urldate    = {2022-04-06}
}
@misc{BSI_leitfaden,
    author    = "BSI",
    title     = "Leitfaden zur Reaktion auf IT-Sicherheitsvorfälle für Digitale Ersthelfer",
    url       = "https://www.bsi.bund.de/SharedDocs/Downloads/DE/BSI/CSN/210712_Leitfaden_Digitaler_Ersthelfer.pdf",
    urldate    = {2022-04-10}
}

@misc{BSI-leitfaden2011,
    author    = "BSI",
    title     = "Leitfaden „IT-Forensik“",
    url       = "https://www.bsi.bund.de/SharedDocs/Downloads/DE/BSI/Cyber-Sicherheit/Themen/Leitfaden_IT-Forensik.pdf?__blob=publicationFile&v=2",
    urldate    = {2022-04-15}
}

@misc{bg3a,
    author    = "Bundesdatenschutzgesetz a.F.",
    title     = "§ 3a Datenvermeidung und Datensparsamkeit",
    url       = "https://dejure.org/gesetze/BDSG_a.F./3a.html",
    urldate    = {2022-04-12}
}
@misc{bg31,
    author    = "Bundesdatenschutzgesetz",
    title     = "§ 31 Schutz des Wirtschaftsverkehrs bei Scoring und Bonitätsauskünften",
    url       = "https://dejure.org/gesetze/BDSG/31.html",
    urldate   = {2022-04-15}
}